% ------------------- Buch Quellen -------------------------

@BOOK{B01_MlPython3,
  AUTHOR       = {Oswald Campesato},
  TITLE        = {Python 3 for Machine Learning},
  PUBLISHER    = {David Pallai},
  ISBN         = {978-1-68392-495-1}
} 

% ---------------- Internet Quellen ---------------------------

@misc{I01_googlecrash,
    author  =   {Google},
    title   =   {Machine Learning Crash Course},
    howpublished     =   {\url{https://developers.google.com/machine-learning/crash-course/ml-intro}},
    urldate =   {2021-05-13}
}

% ----------------- Paper Quellen ----------------------------

@Book{P01_Kriesel, 
  author = {David Kriesel}, 
  title =  {A Brief Introduction to Neural Networks},
  year =   {2007}, 
  url =   {http://www.dkriesel.com} 
}